@book{Hobson_2002, place={Coventry, U.K.}, title={Just the Maths}, publisher={Coventry University}, author={Hobson, Tony}}

@misc{wikipedia_fourier_transform, title={Fourier transform}, url={https://en.wikipedia.org/wiki/Fourier_transform#:~:text=In%20mathematics%2C%20a%20Fourier%20transform,frequencies%20of%20its%20constituent%20notes.}, journal={Wikipedia}, publisher={Wikimedia Foundation}, author={Wikipedia.org}} 

@misc{storyofmathematics.com_2021, title={Even and odd functions - properties}, url={https://www.storyofmathematics.com/even-and-odd-functions}, journal={The Story of Mathematics - A History of Mathematical Thought from Ancient Times to the Modern Day}, publisher={storyofmathematics.com}, author={storyofmathematics.com}, year={2021}, month={Apr}}

@misc{wikipedia_fourier_series, title={Fourier series}, url={https://en.wikipedia.org/wiki/Fourier_series}, journal={Wikipedia}, publisher={Wikimedia Foundation}, author={Wikipedia.org}} 

@book{osama_2020, author = {Abo-Seida, Osama}, title = {Mathematics III}, place={Kafr El-Shiekh, Egypt}, publisher={Kafr El-Shiekh University},date = {2020}}

@book{osama_2019, author = {Abo-Seida, Osama}, title = {Mathematics II}, place={Kafr El-Shiekh, Egypt}, publisher={Kafr El-Shiekh University},date = {2019}}